
% Book example
@book{barrat2008dynamical,
  title={Dynamical processes on complex networks},
  author={Barrat, Alain and Barthelemy, Marc and Vespignani, Alessandro},
  year={2008},
  publisher={Cambridge university press}
}

% Article example
@article{de2013mathematical,
  title={Mathematical formulation of multilayer networks},
  author={De Domenico, Manlio and Sol{\'e}-Ribalta, Albert and Cozzo, Emanuele and Kivel{\"a}, Mikko and Moreno, Yamir and Porter, Mason A and G{\'o}mez, Sergio and Arenas, Alex},
  journal={Physical Review X},
  volume={3},
  number={4},
  pages={041022},
  year={2013},
  publisher={APS}
}


% Web link example
@misc{weforumProtectingCritical,
	author = {},
	title = {{P}rotecting critical infrastructure from a cyber pandemic --- weforum.org},
	howpublished = {\url{https://www.weforum.org/agenda/2021/10/protecting-critical-infrastructure-from-cyber-pandemic/}},
	year = {},
	note = {[Accessed 29-Mar-2023]},
}

@article{shelling,
    author = {Schelling, T. C.},
    title = {Dynamic models of segregation},
    journal ={The Journal of Mathematical Sociology},
    year = {1971}
}
@article{Dall’Asta_2008,
year = {2008},
author = {L Dall’Asta and C Castellano and M Marsili},
title = {Statistical physics of the Schelling model of segregation},
journal = {Journal of Statistical Mechanics: Theory and Experiment},
}

@article{adam,
    author = {Henry, Pralat, Zhanh},
    title = {Emergence of segregation in evolving social networks},
    journal = {PNAS},
    year = {2010}
}

@article{ultimatum,
year = {2009},
author = {R Sinatra and J Iranzo and J Gómez-Gardeñes and L M Floría and V Latora and Y Moreno},
title = {The Ultimatum Game in complex networks},
journal = {Journal of Statistical Mechanics: Theory and Experiment},

}


@article{Prisonors,

year = {2010},
author = {Alessio Cardillo and Jesús Gómez-Gardeñes and Daniele Vilone and Angel Sánchez},
title = {Co-evolution of strategies and update rules in the prisoner's dilemma game on complex networks},
journal = {New Journal of Physics},
}